<?xml version="1.0" encoding="UTF-8"?><collection xmlns="http://www.loc.gov/MARC21/slim"><record><leader>00345nam--2200121-i-4500</leader><controlfield tag="001">000047572</controlfield><controlfield tag="002">20161230</controlfield><controlfield tag="005">20161230201046</controlfield><controlfield tag="008">060222s1000------------r-----000-0-eng-d</controlfield><datafield ind1=" " ind2=" " tag="100"><subfield code="a">Williams, H.P</subfield></datafield><datafield ind1=" " ind2=" " tag="245"><subfield code="a">Antenna theory and design. vol.i: foundatins of antenna theory</subfield></datafield><datafield ind1=" " ind2=" " tag="260"><subfield code="a">London, Isaac Pitman &amp; Sons, Ltd., 1950, Viii+142p</subfield></datafield><datafield ind1=" " ind2=" " tag="852"><subfield code="a">709</subfield></datafield></record></collection>